<?xml version="1.0" encoding="UTF-8"?><collection xmlns="http://www.loc.gov/MARC21/slim"><record><leader>00463nam--2200157-i-4500</leader><controlfield tag="001">000004843</controlfield><controlfield tag="002">20161230</controlfield><controlfield tag="005">20170306230942</controlfield><controlfield tag="008">060222s1000------------r-----000-0-eng-d</controlfield><datafield ind1=" " ind2=" " tag="100"><subfield code="a">Denis-Papin, Maurice</subfield></datafield><datafield ind1=" " ind2=" " tag="245"><subfield code="a">Exercices de calcul operationnel avec leurs solusions. (transformation de carson-laplace)</subfield></datafield><datafield ind1=" " ind2=" " tag="260"><subfield code="a">Paris</subfield><subfield code="b">Editions Eyrolles</subfield><subfield code="c">1959</subfield></datafield><datafield ind1=" " ind2=" " tag="300"><subfield code="a">168 p</subfield></datafield><datafield ind1=" " ind2=" " tag="700"><subfield code="a">Kaufmann, L. C. A</subfield></datafield><datafield ind1=" " ind2=" " tag="852"><subfield code="a">14842</subfield><subfield code="c">517.43</subfield></datafield><datafield ind1=" " ind2=" " tag="CAT"><subfield code="a">SYS</subfield><subfield code="c">20170306</subfield><subfield code="h">230942</subfield></datafield></record></collection>